@book{mirkin-ds,
    author =       "{Миркин Б. Г.}",
    title =        "Введение в анализ данных",
    address = "М.",
    publisher = "Юрайт",
    year =      "2015",
}

@book{mirkin-clustering,
	author =       "{B. Mirkin}",
	title =        "Clustering: A Data Recovery Approach",
	address = 	   "London, UK",
	series = 	   "Computer Science and Data Analysis",
	publisher =    "CRC Press",
	year =         "2012",
	language = {english}
}

@article{k-means-canonical,
	author =		"{Ball G.H.}, {Hall D.J.}",
	title =			"A clustering technique for summarizing multivariate data",
	journal =		"Behavioral Science",
	pages =			"153--155",
	number =		"12",
	issue =			"2",
	year =			"1967",
	language = {english}
}

@article{anomalous-clustring,
	author = "{Chiang M.M.-T.}, {Mirkin B.}",
	title = "Intelligent choice of the number of clusters in k-means clustering: an experimental study with different cluster spreads",
	journal = "Journal of Classification",
	year = "2010",	
	volume = "27",
	issue = "1",
	pages= "3--40",
	language = {english}
	}

@article{ward-canonical,
	author = "{Joe H.}, {Ward J.}",
	title = "Hierarchical Grouping to Optimize an Objective Function",
	journal = "Jornal of
	American Statical Association",
	year = "1963",	
	language = {english}
}

@article{amorim-makarenkov-mirkin,
	author = "{de Amorim R.C.}, {Makarenkov V.}, {Mirkin B.}",
	title = "\mbox{A-Ward$ _{p\beta} $}: Effective hierarchical clustering using the Minkowski metric and a fast \mbox{k-means} initialisation",
	journal = "Information Sciences",
	year = "2016",
	pages = "343--354",
	volume = "370--371",
	language = {english}
	}

@article{spec-criterion,
	author = "{Mirkin B.}, {Tokmakov M.}",
	title = "Capturing the right number of clusters with K-Means using the complementary
	criterion and affinity propagation",
	journal = "Journal of Classification",
	year = "2017",
	language = {english}
}

@article{sw-based-search,
		author = "{de Amorim R.C.}, {Shestakov A.}, {Mirkin B.}, {Makarenkov V.}",
		title = "The Minkowski central partition as a pointer to a suitable distance exponent and consensus partitioning",
		year = "2017",
		journal = "Pattern Recognition",
		volume = "67",
		pages = " 62--72",
		language = {english}
}

@article{sw-canonical,
	author="Rousseeuw P.",
	title = "Silhouettes: A graphical aid to the interpretation and validation of cluster analysis",
	journal = "Journal of Computational and Applied Mathematics",
	year = "1987",
	volume = "20",
	pages = "53--65",
	language = {english}
	}
	
@article{ari-canonical,
	author = "{Hubert L.}, {Arabie P.}",
	title = "Comparing partitions",
	journal = "Journal of Classification",
	year = "1985",
	volume = "2",
	issue = "1",
	pages = "193--218",
	language = {english}
	}

@article{pddp-canonical,
	author = "{Boley D.}",
	title= "Principal Direction Divisive Partitioning",
	journal = "Data Mining and Knowledge Discovery",
	year = "1998",
	pages = "325--344",
	language = {english}
	}
	
@article{enhanced-pddp,
	author = "{Tasoulis S.K.}, {Tasoulis D.K.}, {Plagianakos V.P.}",
	title = "Enhancing Principal Direction Divisive Clustering",
	journal = "Pattern Recognition",
	year = "2010",
	number = "43",
	pages = "3391--3411",	
	language = {english}
	}

@article{kovaleva,
	author =       "{Kovaleva E.V.},{Mirkin B.G.} ",
	title =        "{Bisecting K-Means and 1D Projection Divisive Clustering: A Unified Framework and Experimental Comparison}",
	journal =      "Journal of Classification",
	number =       "10",
	pages =        "414--444",
	year =         "2015",
	language = {english}
	
}

@article{bisecting-k-means,
	author = "{Steinbach M.}, {Karypis G.}, {Kumar V.}",
	title = "A Comparison of Document Clustering Techniques", 
	journal ="KDD Workshop on Text Mining",
	pages = "525--526",
	number = "1",
	volume = "400", 
	language = {english}
	}

@book{mirkin-core-concepts,
	author =       "{Mirkin B}",
	title =        "Core Concepts in Data Analysis: Summarization, Correlation, Visualization",
	year = "2010",
	language = {english}
}

@article{data-gen1,
	author="{Milligan G.W.}",
	year="1996",
	title="Clustering Validation: Results and Implications for Applied Analyses",
	journal="Clustering and Classification",
	publisher="River Edge NJ: World Scientific Publishing",
	pages="341--375",
	language="english",
	}
	
@article{data-gen2,
	author = "{Steinley D.}, {Brusco M.}",
	year ="2007",
	title = "Initializing K-Means Batch Clustering: A Critical Evaluation of Several Techniques",
	journal= "Journal of Classification",
	number = "24",
	pages = "99--121",
	language="english",
	}
	
@article{nnc,
	author="{Murtagh F.}",
	year = "1983",
	title = "A survey of recent advances in hierarchical clustering algorithms",
	journal = "The Computer Journal",
	pages = "354--359",
	number = "26 (4)",
	doi = "10.1093/comjnl/26.4.354",
}	

@MISC{RedMonk,
	TITLE = "The RedMonk Programming Language Rankings: January 2018",
	url = {\url{http://redmonk.com/sogrady/2018/03/07/language-rankings-1-18}},
	note = {(дата обращения: 17.05.2018)}
}

@MISC{PyQt,
	TITLE = "What is PyQt?",
	url = {\url{https://www.riverbankcomputing.com/software/pyqt/intro}},
	note = {(дата обращения: 17.05.2018)}
}

@MISC{Pyinstaller,
	TITLE = "PyInstaller",
	url = {\url{http://www.pyinstaller.org/}},
	note = {(дата обращения: 17.05.2018)}
}

@MISC{ozon-data,
	TITLE = "Каталог XML - Ozon",
	url = {\url{http://www.ozon.ru/context/partner_xml/}},
	note = {(дата обращения: 09.10.2017)}
}

@book{agile,
	author =       "{Highsmith J.A.}",
	title =        "Agile Software Development Ecosystems",
	publisher = "Addison-Wesley Professional",
	year =      "2002",
}

@book{rad,
	author =       "{Kerr J.M.} {Hunter R.}",
	title =        "Inside RAD: How to Build a Fully Functional System in 90 Days or Less",
	publisher = "McGraw-Hill",
	year =      "1993",
}


@book{tdd,
	author =       "{Beck K.}",
	title =        "Test-Driven Development by Example",
	publisher = "Addison Wesley",
	year =      "2003",
}